@software{fbSAT-tool,
  title = {{{fbSAT}} Tool},
  author = {Chukharev, Konstantin},
  url = {https://github.com/ctlab/fbSAT},
  urldate = {2024-04-29},
  abstract = {Automatic Inference of Minimal Finite-State Models of Function Blocks from Execution Scenarios and Temporal Properties},
  organization = {{Computer Technologies Laboratory}},
}
